23700000         211264612000207000000000000000375040121270000000893712 XXXXX AAAAAA AAAAAAAAA AAAAAA BRADESCO S/A                            21601201807312200080305001600                                                         37504       
23708031E0440050 211264612000207000000000000000375040121270000000893712 XXXXX AAAAAA AAAAAAAAA AAAAAA                                         12012018000000000212689539CFBRL00812                                                              
2370002300001E0  211264612000207000000000000000375040121270000000893712 XXXXX AAAAAA AAAAAAAAA AAAAAA       DPV00                    N1201201812012018000000000001246321D1062573APLIC.INVEST FACIL       9960412                                
2370009300008E1  211264612000207000000000000000375040121270000000893712 XXXXX AAAAAA AAAAAAAAA AAAAAA       CDS00                    N1501201815012018000000000002726441D1060101APLICACAO AUTOMATICA     0150112                                
23700105         211264612000207000000000000000375040121270000000893712                 00000000000000000000000000000050000000000000000000000015012018000000000215448716CP000010000000000001246321000000000002726441                            
23799999         000010000012000001                                                                                                                                                                                                             
